@article{saul,
    author = "Jennifer Saul",
    title = "{What is Happening to Our Norms Against Racist Speech?}",
    journal = "Aristotelian Society Supplementary Volume",
    volume = "93",
    number = "1",
    pages = "1-23",
    year = "2019",
}

@incollection{gelber,
  author      = "Katharine Gelber",
  title       = "'Speaking Back': The Likely Fate of Hate Speech Policy in the United States and Australia",
  editor      = "Ishani Maita and Mary Kate McGowan",
  booktitle   = "Speech and Harm",
  publisher   = "Oxford University Press",
  address     = "Oxford",
  year        = 2012,
  pages       = "50-71",
  chapter     = 3,
}

@article{croom,
    author = "Adam M. Croom",
    title = "{Slurs}",
    journal = "Language Sciences",
    volume = "33",
    number = "3",
    pages = "343-358",
    year = "2011",
}

@book{austin,
    title = {How to do things with words},
    author = {John Langshaw Austin},
    year = {1975},
    publisher = {Oxford University Press},
    address     = "Oxford",
}

@book{waldron,
    title = {The Harm in Hate Speech},
    author = {Jeremy Waldron},
    year = {2012},
    publisher = {Harvard University Press},
    address     = "Cambridge, MA",
}